--- COMMENTS may be placed outside the @ENTRYTYPE{ ... } stuctures
--- CMS guidelines
---- Every journal article citation should include the DOI, assuming one exists.
---- All URLs for CMS notes, ANs, etc, should refer to the CDS server, not the CMS server. Use our standard format for them, as shown below.
----  CMS Notes not available on CDS are regarded as private and may not be cited.
----  CMS physics papers (i.e., those intended for publication in journals) may reference only POG PASs, not PAG PASs.
---- For papers by collaborations, list the collaboration in the COLLABOROATION field and put the first author and "and others" in the AUTHOR field.
----  If only the collaboration is listed as the author, put "{XXX Collaboration}" under AUTHOR.
----  Note that we automatically replace the AUTHOR field with the collaboration name for ATLAS, CMS, LHCb, and ATLAS at submission time. Please don't remove the
----  "First Author and others" in the AUTHOR field.
---- Other items:
----   PAGES: Please only list the first page, not the range.
----   ISSUE: Please do not include in most cases.
----   URL: Do not include this field if a DOI is available.
---- Number of authors to list:
----   PRL requests that we include all authors up to fifteen except for large collaborations, and we take this as our internal guide as well. If there
----   are more than fifteen, just list the first author + "and others", as above.
----   The individual journal bib style file (theirs, ours, PLB, etc.) will truncate at the appropriate point. We have ours set to _1_ for more than four.
---- Use only the URL field instead of embedding an href.
---- A reference only published on the arXiv should be listed as UNPUBLISHED (with a note "Submitted to XXX" for large collaboration papers).
----   Experimental papers only on the arXiv and not submitted for publication may not be cited.
---- Some journals will lowercase the title: use {} to protect words which must be capitalized, e.g., {LHC}, {TeV}, {CERN}, {CMS}.
----  Do not escape the entire title as it will then clash with the journal style.
---- Journal names: the journals generally include the series in the journal name, "Physical Review D", vol 5, rather than PR D5
---- >>> Please use the --preview option with the tdr script to perform a simple-minded reference check before uploading.
%
%
%    Many commonly cited papers are available under svn+ssh://svn.cern.ch/reps/tdr/utils/branches/dev/general/gen.bib and utils/trunk/higgs.bin.

%
% Notes hosted only on CDS are listed as TECHREPORTs.
%
@TECHREPORT{CMS_AN_2006-027,
     AUTHOR       = "Belotelov, I. and Golutvin, I. and Bourilkov, D. and Lanyov, A. and Rogalev, E. and Savina, M. and Shmatov, S.",
     TITLE        = "Search for {ADD} extra dimensional gravity in di-muon channel with the {CMS} Detector",
     TYPE      = "CMS Note",
     NUMBER       = "2006/076",
     URL          = "http://cdsweb.cern.ch/record/962045",
     YEAR         = "2006"}
@TECHREPORT{CMS_NOTE_2006-106,
     AUTHOR       = "Aldaya, M. and Arce, P. and Caballero, J. and de la Cruz, B. and Garcia-Abia, P. and Hernandez, J. M. and Josa, M. I. and Ruiz, E.",
     TITLE        = "Discovery potential and search strategy for the Standard Model {H}iggs boson in the {$H\to ZZ^\star\to 4\mu$} decay channel using a mass-independent analysis",
     TYPE      = "CMS Note",
     NUMBER       = "2006/106",
     URL          = "http://cdsweb.cern.ch/record/962058",
     YEAR         = "2006"}
%
% standard article
%

@Article{Brandt:1997gi,
     author    = "Brandt, A. and others",
 collaboration = "UA8",
     title     = "Measurements of single diffraction at $\sqrt{s} =$ 630 {GeV}:
                  Evidence for  a non-linear $\alpha(t)$ of the pomeron",
     journal   = "Nucl. Phys. B",
     volume    = "514",
     year      = "1998",
     pages     = "3",
     SLACcitation  = "%%CITATION = HEP-EX 9710004;%%",
     doi       = "10.1016/S0550-3213(97)00813-4"
}
@ARTICLE{Buchmuller:1986zs,
     AUTHOR       = "Buchm{\"u}ller, W. and Wyler, D.",
     TITLE        = "Constraints on {SU(5)}-type leptoquarks",
     JOURNAL      = "Phys. Lett. B",
     VOLUME       = "177",
     YEAR         = "1986",
     pages        = "377",
     SLACcitation  = "%%CITATION = PHLTA,B191,442;%%",
     doi          = "10.1016/0370-2693(86)90771-9"}
@Article{PTDR2,
     author    = "{CMS Collaboration}",
     title     = "{CMS} technical design report, volume {II}: {Physics}
                  performance",
     journal   = "J. Phys. G",
     volume    = "34",
     year      = "2007",
     pages     = "995",
     doi       = "10.1088/0954-3899/34/6/S01",
     SLACcitation  = "%%CITATION = JPHGB,G34,995;%%"
}
% PAS are now TECHREPORTS. Same for Notes. A formatted list of PASs is located in [svn]/utils/branches/dev/general/pasBib-tech.bib
@TECHREPORT{CMS-PAS-JME-10-003,
      AUTHOR      = "{CMS Collaboration}",
      COLLABORATION = {CMS},
      TITLE       = "Jet Performance in pp Collisions at $\sqrt{s}$=7 {TeV}",
      URL         = "http://cdsweb.cern.ch/record/1279362",
      TYPE     = "CMS Physics Analysis Summary",
      NUMBER      = "CMS-PAS-JME-10-003",
      YEAR        = "2010"
}
%SPIRES had this one as R. Adolphi, et. al. Wrong. Now corrected in InspireHEP.
@Article{Chatrchyan:2008zzk,
     author    = "Chatrchyan, S. and others",
     collaboration = "CMS",
     title     = "The {CMS} experiment at the {CERN} {LHC}",
     journal   = "JINST",
     volume    = "3",
     year      = "2008",
     pages     = "S08004",
     doi       = "10.1088/1748-0221/3/08/S08004",
     SLACcitation  = "%%CITATION = JINST,3,S08004;%%"
}
% An evergreen:
@article{Beringer:1900zz,
      author         = "{Particle Data Group} and Beringer, J. and others",
      title          = "{Review of Particle Physics}",
      journal        = "Phys. Rev. D",
      volume         = "86",
      pages          = "010001",
      doi            = "10.1103/PhysRevD.86.010001",
      year           = "2012",
      SLACcitation   = "%%CITATION = PHRVA,D86,010001;%%",
}
%
% An example of a document which only appears on arXiv. This one could alternatively be cited as a TECHREPORT using any of the various laboratory report numbers when hosted on a lab server:
% reportNumber   = "CERN-PH-EP-2010-095, FERMILAB-TM-2480-PPD, LEPEWWG-2010-01, TEVEWWG-2010-01, ALEPH-2010-001-PHYSICS-2010-001, CDF-NOTE-10338, D0-NOTE-6130, DELPHI-DELPHI-2010-001-PHYS-952, L3-NOTE-2837, OPAL-PR432, SLAC-PUB-14301",
%
@UNPUBLISHED{LEPewkfits,
     author = "{ALEPH, CDF, D0, DELPHI, L3, OPAL, SLD Collaborations,
                                    the LEP Electroweak Working Group, the Tevatron Electroweak Working Group, and the SLD Electroweak and Heavy Flavour Groups}",
     title     = "Precision electroweak measurements and constraints on
the {Standard Model}",
     URL       = "http://lepewwg.web.cern.ch/LEPEWWG",
     eprint    = "1012.2367",
     archivePrefix = "arXiv",
     primaryClass  =  "hep-ex",
     year  = "2010",
     SLACcitation  = "%%CITATION = 1012.2367;%%"
}
%
% A document hosted on a laboratory server
%
@TECHREPORT{Bertram:2000br,
  author = " Bertram, I. and Landsberg, G. and Linnemann, J. and Partridge, R. and Paterno, M. and Prosper, H. B.",
  title =  "A Recipe for the construction of confidence limits",
  institution = "Fermilab",
  number     = "{TM-2104}",
  url = "http://lss.fnal.gov/archive/test-tm/2000/fermilab-tm-2104.pdf",
  year = "2000"
 }
 %
 % A document included in Proceedings. PRL may want the ADDRESS field as well.
 %
@INPROCEEDINGS{RooStats,
  AUTHOR       = "Moneta, L. and Belasco, K. and  Cranmer, K. S. and Lazzaro, A. and Piparo, D. and Schott, G. and Verkerke, W. and Wolf, M. ",
  TITLE        = "The {R}oo{S}tats {P}roject",
  BOOKTITLE = "13$^\text{th}$ International Workshop on Advanced Computing and Analysis Techniques in Physics Research (ACAT2010)",
  YEAR         = "2010",
  PUBLISHER = "SISSA",
  NOTE = "{PoS(ACAT2010)057}",
  URL          = "http://pos.sissa.it/archive/conferences/093/057/ACAT2010_057.pdf",
  eprint = "1009.1003",
  primaryClass = "physics.data-an"
}
%
% CMS/ATLAS papers submitted but not yet accepted; The SLACcitation is not required. This is only for illustration, these are now published.
% Upon acceptance the note is modified and the DOI included (if available).
%
@Unpublished{Khachatryan:2010mp,
     author    = "{CMS Collaboration}",
     collaboration = "CMS",
     title     = "Search for Pair Production of First-Generation Scalar Leptoquarks in pp Collisions at $\sqrt{s} = 7$ {TeV}",
     note  = "Submitted to \textit{Phys. Rev. Lett.}",
     eprint    = "1012.4031",
     archivePrefix = "arXiv",
     primaryClass  =  "hep-ex",
     year = "2010",
     SLACcitation  = "%%CITATION = 1012.4031;%%"
}
@Unpublished{CMS-PAPER-MUO-10-004,
     author    = "{CMS Collaboration}",
     collaboration = "CMS",
     title     = "Performance of CMS muon reconstruction in pp collision events at {$\sqrt{s} = 7$\TeV}",
     note  = "Submitted to \textit{J. Inst.}",
     eprint    = "1206.4071",
     archivePrefix = "arXiv",
     primaryClass  =  "physics.ins-det",
     year = "2012",
}
@Unpublished{ATLAS:2011aa,
        Archiveprefix = {arXiv},
        Author = {{ATLAS Collaboration}},
        Collaboration = {ATLAS},
        Eprint = {1112.2577},
        Note = {Submitted to \textit{Phys. Rev. Lett.}},
        Primaryclass = {hep-ex},
        Slaccitation = {%%CITATION = 1112.2577;%%},
        Title = {Search for the {H}iggs boson in the {$H\to$WW(*)$\to \ell^+ \nu \ell^- \bar{\nu}$} decay channel in pp collisions at $\sqrt{s}$ = 7 {TeV} with the {ATLAS} detector},
        Year = {2011}}
% Misc
@Article{Cacciari:2008gp,
     AUTHOR    = "Cacciari, Matteo and Salam, Gavin P. and Soyez, Gregory",
     TITLE     = "The anti-$k_\mathrm{t}$ jet clustering algorithm",
     JOURNAL   = "JHEP",
     VOLUME    = "04",
     YEAR      = "2008",
     PAGES     = "063",
     doi       = "10.1088/1126-6708/2008/04/063",
     eprint         = "0802.1189",
     archivePrefix  = "arXiv",
     primaryClass   = "hep-ex",
}

@article{1126-6708-2008-04-063,
  author={Matteo Cacciari and Gavin P. Salam and Gregory Soyez},
  title={The anti- k t jet clustering algorithm},
  journal={Journal of High Energy Physics},
  volume={2008},
  number={04},
  pages={063},
  url={http://stacks.iop.org/1126-6708/2008/i=04/a=063},
  year={2008},
}

@Article{Cacciari2012,
author="Cacciari, Matteo
and Salam, Gavin P.
and Soyez, Gregory",
title="FastJet user manual",
journal="The European Physical Journal C",
year="2012",
month="Mar",
day="16",
volume="72",
number="3",
pages="1896",
issn="1434-6052",
doi="10.1140/epjc/s10052-012-1896-2",
url="https://doi.org/10.1140/epjc/s10052-012-1896-2"
}

@article{deepCSVref,
  title={Identification of heavy-flavour jets with the CMS detector in pp collisions at 13 TeV},
  author={Sirunyan, Albert M and Eerola, P and Kirschenmann, H and Pekkanen, J and Voutilainen, M and Havukainen, J and Heikkil{\"a}, JK and J{\"a}rvinen, T and Karim{\"a}ki, V and Kinnunen, R and others},
  journal={Journal of Instrumentation},
  year={2018}
}

@techreport{CMS-NOTE-2011-005,
      title         = "{Procedure for the LHC Higgs boson search combination in
                       Summer 2011}",
      institution   = "CERN",
      collaboration = "The ATLAS Collaboration, The CMS Collaboration, The LHC
                       Higgs Combination Group",
      address       = "Geneva",
      number        = "CMS-NOTE-2011-005. ATL-PHYS-PUB-2011-11",
      month         = "Aug",
      year          = "2011",
      reportNumber  = "CMS-NOTE-2011-005",
      url           = "https://cds.cern.ch/record/1379837",
}

@Article{Sjostrand:2006za,
      author         = "Sj{\"o}strand, Torbj{\"o}rn and Mrenna, Stephen and Skands, Peter",
      title          = "{PYTHIA} 6.4 physics and manual",
      journal        = "JHEP",
      volume         = "05",
      pages          = "026",
      doi            = "10.1088/1126-6708/2006/05/026",
      year           = "2006",
      eprint         = "hep-ph/0603175",
      archivePrefix  = "arXiv",
      primaryClass   = "hep-ph",
      reportNumber   = "FERMILAB-PUB-06-052-CD-T, LU-TP-06-13",
      SLACcitation   = "%%CITATION = HEP-PH/0603175;%%",
}
@INCOLLECTION{nu2,
    author        = "Giunti, C. and Laveder, M.",
    title         = "Neutrino mixing",
    booktitle     = "Developments in Quantum Physics",
    editor        = "Columbus, F. and Krasnoholovets, V.",
    publisher     = "Nova Science Publishers, Inc.",
    eprint        = "hep-ph/0310238",
    archivePrefix = "arXiv",
    primaryClass  = "hep-ph",
    year          = "2004",
    isbn          = "1-59454-003-9"
}
--- COMMENTS may be placed outside the @ENTRYTYPE{ ... } stuctures
--- CMS guidelines
---- Every journal article citation should include the DOI, assuming one exists.
---- All URLs for CMS notes, ANs, etc, should refer to the CDS server, not the CMS server. Use our standard format for them, as shown below.
----  CMS Notes not available on CDS are regarded as private and may not be cited.
----  CMS physics papers (i.e., those intended for publication in journals) may reference only POG PASs, not PAG PASs.
---- For papers by collaborations, list the collaboration in the COLLABOROATION field and put the first author and "and others" in the AUTHOR field.
----  If only the collaboration is listed as the author, put "{XXX Collaboration}" under AUTHOR.
----  Note that we automatically replace the AUTHOR field with the collaboration name for ATLAS, CMS, LHCb, and ATLAS at submission time. Please don't remove the
----  "First Author and others" in the AUTHOR field.
---- Other items:
----   PAGES: Please only list the first page, not the range.
----   ISSUE: Please do not include in most cases.
----   URL: Do not include this field if a DOI is available.
---- Number of authors to list:
----   PRL requests that we include all authors up to fifteen except for large collaborations, and we take this as our internal guide as well. If there
----   are more than fifteen, just list the first author + "and others", as above.
----   The individual journal bib style file (theirs, ours, PLB, etc.) will truncate at the appropriate point. We have ours set to _1_ for more than four.
---- Use only the URL field instead of embedding an href.
---- A reference only published on the arXiv should be listed as UNPUBLISHED (with a note "Submitted to XXX" for large collaboration papers).
----   Experimental papers only on the arXiv and not submitted for publication may not be cited.
---- Some journals will lowercase the title: use {} to protect words which must be capitalized, e.g., {LHC}, {TeV}, {CERN}, {CMS}.
----  Do not escape the entire title as it will then clash with the journal style.
---- Journal names: the journals generally include the series in the journal name, "Physical Review D", vol 5, rather than PR D5
---- >>> Please use the --preview option with the tdr script to perform a simple-minded reference check before uploading.
%
%
%    Many commonly cited papers are available under svn+ssh://svn.cern.ch/reps/tdr/utils/branches/dev/general/gen.bib and utils/trunk/higgs.bin.

%
% Notes hosted only on CDS are listed as TECHREPORTs.
%
@TECHREPORT{CMS_AN_2006-027,
     AUTHOR       = "Belotelov, I. and Golutvin, I. and Bourilkov, D. and Lanyov, A. and Rogalev, E. and Savina, M. and Shmatov, S.",
     TITLE        = "Search for {ADD} extra dimensional gravity in di-muon channel with the {CMS} Detector",
     TYPE      = "CMS Note",
     NUMBER       = "2006/076",
     URL          = "http://cdsweb.cern.ch/record/962045",
     YEAR         = "2006"}
@TECHREPORT{CMS_NOTE_2006-106,
     AUTHOR       = "Aldaya, M. and Arce, P. and Caballero, J. and de la Cruz, B. and Garcia-Abia, P. and Hernandez, J. M. and Josa, M. I. and Ruiz, E.",
     TITLE        = "Discovery potential and search strategy for the Standard Model {H}iggs boson in the {$H\to ZZ^\star\to 4\mu$} decay channel using a mass-independent analysis",
     TYPE      = "CMS Note",
     NUMBER       = "2006/106",
     URL          = "http://cdsweb.cern.ch/record/962058",
     YEAR         = "2006"}
%
% standard article
%
@Article{Brandt:1997gi,
     author    = "Brandt, A. and others",
 collaboration = "UA8",
     title     = "Measurements of single diffraction at $\sqrt{s} =$ 630 {GeV}:
                  Evidence for  a non-linear $\alpha(t)$ of the pomeron",
     journal   = "Nucl. Phys. B",
     volume    = "514",
     year      = "1998",
     pages     = "3",
     SLACcitation  = "%%CITATION = HEP-EX 9710004;%%",
     doi       = "10.1016/S0550-3213(97)00813-4"
}
@ARTICLE{Buchmuller:1986zs,
     AUTHOR       = "Buchm{\"u}ller, W. and Wyler, D.",
     TITLE        = "Constraints on {SU(5)}-type leptoquarks",
     JOURNAL      = "Phys. Lett. B",
     VOLUME       = "177",
     YEAR         = "1986",
     pages        = "377",
     SLACcitation  = "%%CITATION = PHLTA,B191,442;%%",
     doi          = "10.1016/0370-2693(86)90771-9"}
@Article{PTDR2,
     author    = "{CMS Collaboration}",
     title     = "{CMS} technical design report, volume {II}: {Physics}
                  performance",
     journal   = "J. Phys. G",
     volume    = "34",
     year      = "2007",
     pages     = "995",
     doi       = "10.1088/0954-3899/34/6/S01",
     SLACcitation  = "%%CITATION = JPHGB,G34,995;%%"
}
% PAS are now TECHREPORTS. Same for Notes. A formatted list of PASs is located in [svn]/utils/branches/dev/general/pasBib-tech.bib
@TECHREPORT{CMS-PAS-JME-10-003,
      AUTHOR      = "{CMS Collaboration}",
      COLLABORATION = {CMS},
      TITLE       = "Jet Performance in pp Collisions at $\sqrt{s}$=7 {TeV}",
      URL         = "http://cdsweb.cern.ch/record/1279362",
      TYPE     = "CMS Physics Analysis Summary",
      NUMBER      = "CMS-PAS-JME-10-003",
      YEAR        = "2010"
}
%SPIRES had this one as R. Adolphi, et. al. Wrong. Now corrected in InspireHEP.
% An example of a document which only appears on arXiv. This one could alternatively be cited as a TECHREPORT using any of the various laboratory report numbers when hosted on a lab server:
% reportNumber   = "CERN-PH-EP-2010-095, FERMILAB-TM-2480-PPD, LEPEWWG-2010-01, TEVEWWG-2010-01, ALEPH-2010-001-PHYSICS-2010-001, CDF-NOTE-10338, D0-NOTE-6130, DELPHI-DELPHI-2010-001-PHYS-952, L3-NOTE-2837, OPAL-PR432, SLAC-PUB-14301",
%
@UNPUBLISHED{LEPewkfits,
     author = "{ALEPH, CDF, D0, DELPHI, L3, OPAL, SLD Collaborations,
                                    the LEP Electroweak Working Group, the Tevatron Electroweak Working Group, and the SLD Electroweak and Heavy Flavour Groups}",
     title     = "Precision electroweak measurements and constraints on
the {Standard Model}",
     URL       = "http://lepewwg.web.cern.ch/LEPEWWG",
     eprint    = "1012.2367",
     archivePrefix = "arXiv",
     primaryClass  =  "hep-ex",
     year  = "2010",
     SLACcitation  = "%%CITATION = 1012.2367;%%"
}
%
% A document hosted on a laboratory server
%
@TECHREPORT{Bertram:2000br,
  author = " Bertram, I. and Landsberg, G. and Linnemann, J. and Partridge, R. and Paterno, M. and Prosper, H. B.",
  title =  "A Recipe for the construction of confidence limits",
  institution = "Fermilab",
  number     = "{TM-2104}",
  url = "http://lss.fnal.gov/archive/test-tm/2000/fermilab-tm-2104.pdf",
  year = "2000"
 }
 %
 % A document included in Proceedings. PRL may want the ADDRESS field as well.
 %
%
% CMS/ATLAS papers submitted but not yet accepted; The SLACcitation is not required. This is only for illustration, these are now published.
% Upon acceptance the note is modified and the DOI included (if available).
%
@Unpublished{Khachatryan:2010mp,
     author    = "{CMS Collaboration}",
     collaboration = "CMS",
     title     = "Search for Pair Production of First-Generation Scalar Leptoquarks in pp Collisions at $\sqrt{s} = 7$ {TeV}",
     note  = "Submitted to \textit{Phys. Rev. Lett.}",
     eprint    = "1012.4031",
     archivePrefix = "arXiv",
     primaryClass  =  "hep-ex",
     year = "2010",
     SLACcitation  = "%%CITATION = 1012.4031;%%"
}
@Unpublished{CMS-PAPER-MUO-10-004,
     author    = "{CMS Collaboration}",
     collaboration = "CMS",
     title     = "Performance of CMS muon reconstruction in pp collision events at {$\sqrt{s} = 7$\TeV}",
     note  = "Submitted to \textit{J. Inst.}",
     eprint    = "1206.4071",
     archivePrefix = "arXiv",
     primaryClass  =  "physics.ins-det",
     year = "2012",
}
@Unpublished{ATLAS:2011aa,
        Archiveprefix = {arXiv},
        Author = {{ATLAS Collaboration}},
        Collaboration = {ATLAS},
        Eprint = {1112.2577},
        Note = {Submitted to \textit{Phys. Rev. Lett.}},
        Primaryclass = {hep-ex},
        Slaccitation = {%%CITATION = 1112.2577;%%},
        Title = {Search for the {H}iggs boson in the {$H\to$WW(*)$\to \ell^+ \nu \ell^- \bar{\nu}$} decay channel in pp collisions at $\sqrt{s}$ = 7 {TeV} with the {ATLAS} detector},
        Year = {2011}}
% Misc
@INCOLLECTION{nu2,
    author        = "Giunti, C. and Laveder, M.",
    title         = "Neutrino mixing",
    booktitle     = "Developments in Quantum Physics",
    editor        = "Columbus, F. and Krasnoholovets, V.",
    publisher     = "Nova Science Publishers, Inc.",
    eprint        = "hep-ph/0310238",
    archivePrefix = "arXiv",
    primaryClass  = "hep-ph",
    year          = "2004",
    isbn          = "1-59454-003-9"
}

@TECHREPORT{CMS-PAS-PFT-09-001,
      AUTHOR      = "{CMS Collaboration}",
      COLLABORATION = "CMS",
      TITLE       = "{Particle-flow event reconstruction in {CMS} and performance for 
                          jets, taus, and {\MET}}",
      URL         = "http://cdsweb.cern.ch/record/1194487",
      TYPE        = "CMS Physics Analysis Summary",
      NUMBER      = "CMS-PAS-PFT-09-001",
      YEAR        = "2009"
}
@TECHREPORT{CMS-PAS-PFT-10-001,
      AUTHOR      = "{CMS Collaboration}",
      COLLABORATION = "CMS",
      TITLE       = "{Commissioning of the particle-flow event reconstruction with the first {LHC} 
                          collisions recorded in the {CMS} detector}",
      URL         = "http://cdsweb.cern.ch/record/1247373",
      TYPE        = "CMS Physics Analysis Summary",
      NUMBER      = "CMS-PAS-PFT-10-001",
      YEAR        = "2010"
}

@article{ref:particleflow,
	author = "Sirunyan, A. M. and others",
	title = "Particle-flow reconstruction and global event description with the CMS detector",
	collaboration = "CMS",
	journal = "JINST",
	volume = "12",
	year = "2017",
	pages = "P10003",
	doi = "10.1088/1748-0221/12/10/P10003",
	eprint = "1706.04965",
	archivePrefix = "arXiv",
	primaryClass = "physics.ins-det",
	reportNumber = "CMS-PRF-14-001, CERN-EP-2017-110",
	SLACcitation = "%%CITATION = ARXIV:1706.04965;%%",
}

@article{Baffioni:2006cd,
      author         = "Baffioni, S. and Charlot, C. and Ferri, F. and Futyan, D.
                        and Meridiani, P. and Puljak, I. and Rovelli, C. and Salerno, R. and Sirois, Y.",
      title          = "{Electron reconstruction in CMS}",
      journal        = "Eur. Phys. J. C",
      volume         = "49",
      pages          = "1099",
      doi            = "10.1140/epjc/s10052-006-0175-5",
      year           = "2007",
      reportNumber   = "CERN-CMS-NOTE-2006-040",
      SLACcitation   = "%%CITATION = EPHJA,C49,1099;%%",
}

@article{GSF_Electron_Reconstruction_CMS,
  author = {Adam, W and Fr{\"u}hwirth, R and Strandlie, A and Todorov, T},
  journal = {J. Phys. G: Nucl. Part. Phys.},
  pages = {N9},
  title = {Reconstruction of electrons with the Gaussian-sum filter in the CMS tracker at the LHC},
  volume = 31,
  year = 2005,
  doi = "10.1088/0954-3899/31/9/N01"
}

@article{Chatrchyan:2011ds,
      COLLABORATION = "CMS",
      TITLE       = "Determination of jet energy calibration and transverse momentum resolution in {CMS}",
      AUTHOR      = "Chatrchyan, Serguei and others",
      JOURNAL     = "J. Instrum.",
      VOLUME      = "6",
      PAGES       = "P11002",
      DOI         = "10.1088/1748-0221/6/11/P11002",
      YEAR        = "2011"
}

@article{D'Agostini:1994zf,
      author         = "D'Agostini, G.",
      title          = "{A multidimensional unfolding method based on Bayes'
                        theorem}",
      journal        = "Nucl. Instrum. Meth. A",
      volume         = "362",
      pages          = "487",
      doi            = "10.1016/0168-9002(95)00274-X",
      year           = "1995",
      reportNumber   = "DESY-94-099",
      SLACcitation   = "%%CITATION = NUIMA,A362,487;%%",
}

@article{burt,
      author         = "Betchart, Burton A. and Demina, Regina and Harel, Amnon",
      title          = "Analytic solutions for neutrino momenta in decay of top
                        quarks",
      journal        = "Nucl. Instrum. Meth. A",
      volume         = "736",
      pages          = "169",
      doi            = "10.1016/j.nima.2013.10.039",
      year           = "2014",
      eprint         = "1305.1878",
      archivePrefix  = "arXiv",
      primaryClass   = "hep-ph",
      SLACcitation   = "%%CITATION = ARXIV:1305.1878;%%",
}

% AGB:
@article{Chatrchyan:2008aa,
      author         = "Chatrchyan, S. and others",
      title          = "{The CMS experiment at the CERN LHC}",
      collaboration  = "CMS",
      journal        = "JINST",
      volume         = "3",
      year           = "2008",
      pages          = "S08004",
      doi            = "10.1088/1748-0221/3/08/S08004",
      SLACcitation   = "%%CITATION = JINST,3,S08004;%%"
}

@article{Allison:2006ve,
      author         = "Allison, John and others",
      title          = "{Geant4 developments and applications}",
      journal        = "IEEE Trans. Nucl. Sci.",
      volume         = "53",
      year           = "2006",
      pages          = "270",
      doi            = "10.1109/TNS.2006.869826",
      reportNumber   = "SLAC-PUB-11870",
      SLACcitation   = "%%CITATION = IETNA,53,270;%%"
}

@article{Kidonakis:2012rm,
      author         = "Kidonakis, Nikolaos",
      title          = "{NNLL threshold resummation for top-pair and single-top
                        production}",
      journal        = "Phys. Part. Nucl.",
      volume         = "45",
      year           = "2014",
      pages          = "714",
      doi            = "10.1134/S1063779614040091",
      eprint         = "1210.7813",
      archivePrefix  = "arXiv",
      primaryClass   = "hep-ph",
      SLACcitation   = "%%CITATION = ARXIV:1210.7813;%%"
}

@article{Czakon:2011xx,
      author         = "Czakon, Michal and Mitov, Alexander",
      title          = "{Top++: A Program for the Calculation of the Top-Pair
                        Cross-Section at Hadron Colliders}",
      journal        = "Comput. Phys. Commun.",
      volume         = "185",
      year           = "2014",
      pages          = "2930",
      doi            = "10.1016/j.cpc.2014.06.021",
      eprint         = "1112.5675",
      archivePrefix  = "arXiv",
      primaryClass   = "hep-ph",
      reportNumber   = "CERN-PH-TH-2011-303, TTK-11-58",
      SLACcitation   = "%%CITATION = ARXIV:1112.5675;%%"
}

@article{Sjostrand:2007gs,
      author         = "Sj{\"o}strand, Torbj{\"o}rn and Mrenna, Stephen and Skands, Peter
                        Z.",
      title          = "{A Brief Introduction to PYTHIA 8.1}",
      journal        = "Comput. Phys. Commun.",
      volume         = "178",
      year           = "2008",
      pages          = "852",
      doi            = "10.1016/j.cpc.2008.01.036",
      eprint         = "0710.3820",
      archivePrefix  = "arXiv",
      primaryClass   = "hep-ph",
      reportNumber   = "CERN-LCGAPP-2007-04, LU-TP-07-28,
                        FERMILAB-PUB-07-512-CD-T",
      SLACcitation   = "%%CITATION = ARXIV:0710.3820;%%"
}

@article{Alwall:2014hca,
      author         = "Alwall, J. and Frederix, R. and Frixione, S. and Hirschi,
                        V. and Maltoni, F. and Mattelaer, O. and Shao, H. -S. and
                        Stelzer, T. and Torrielli, P. and Zaro, M.",
      title          = "{The automated computation of tree-level and
                        next-to-leading order differential cross sections, and
                        their matching to parton shower simulations}",
      journal        = "JHEP",
      volume         = "07",
      year           = "2014",
      pages          = "079",
      doi            = "10.1007/JHEP07(2014)079",
      eprint         = "1405.0301",
      archivePrefix  = "arXiv",
      primaryClass   = "hep-ph",
      reportNumber   = "CERN-PH-TH-2014-064, CP3-14-18, LPN14-066, MCNET-14-09,
                        ZU-TH-14-14",
      SLACcitation   = "%%CITATION = ARXIV:1405.0301;%%"
}

% This is the CUETP8M1 tune, based on MONASH, see URL
@article{Skands:2014pea,
      author         = "Skands, Peter and Carrazza, Stefano and Rojo, Juan",
      title          = "{Tuning PYTHIA 8.1: the Monash 2013 Tune}",
      journal        = "Eur. Phys. J. C",
      volume         = "74",
      year           = "2014",
      pages          = "3024",
      doi            = "10.1140/epjc/s10052-014-3024-y",
      eprint         = "1404.5630",
      archivePrefix  = "arXiv",
      primaryClass   = "hep-ph",
      reportNumber   = "CERN-PH-TH-2014-069, MCNET-14-08, OUTP-14-05P",
      SLACcitation   = "%%CITATION = ARXIV:1404.5630;%%",
      URL="http://home.thep.lu.se/~torbjorn/pythia82html/Tunes.html" 
}

@article{Frederix:2012ps,
      author         = "Frederix, Rikkert and Frixione, Stefano",
      title          = "{Merging meets matching in MC@NLO}",
      journal        = "JHEP",
      volume         = "12",
      year           = "2012",
      pages          = "061",
      doi            = "10.1007/JHEP12(2012)061",
      eprint         = "1209.6215",
      archivePrefix  = "arXiv",
      primaryClass   = "hep-ph",
      reportNumber   = "CERN-PH-TH-2012-247, ZU-TH-21-12",
      SLACcitation   = "%%CITATION = ARXIV:1209.6215;%%"
}
@article{Mangano:2006rw,
      author         = "Mangano, Michelangelo L. and Moretti, Mauro and
                        Piccinini, Fulvio and Treccani, Michele",
      title          = "{Matching matrix elements and shower evolution for
                        top-quark production in hadronic collisions}",
      journal        = "JHEP",
      volume         = "01",
      year           = "2007",
      pages          = "013",
      doi            = "10.1088/1126-6708/2007/01/013",
      eprint         = "hep-ph/0611129",
      archivePrefix  = "arXiv",
      primaryClass   = "hep-ph",
      reportNumber   = "CERN-PH-TH-2006-232, FNT-T-2006-09",
      SLACcitation   = "%%CITATION = HEP-PH/0611129;%%"
}
% Mario:
@article{Agashe:2014kda,
      author         = "Olive, K. A. and others",
      title          = "{Review of Particle Physics}",
      collaboration  = "Particle Data Group",
      journal        = "Chin. Phys.",
      volume         = "C38",
      year           = "2014",
      pages          = "090001",
      doi            = "10.1088/1674-1137/38/9/090001",
      SLACcitation   = "%%CITATION = CHPHD,C38,090001;%%"
}

@article{NNPDF,
      author         = "Ball, Richard D. and others",
      title          = "{Parton distributions for the LHC Run II}",
      collaboration  = "NNPDF",
      journal        = "JHEP",
      volume         = "04",
      year           = "2015",
      pages          = "040",
      doi            = "10.1007/JHEP04(2015)040",
      eprint         = "1410.8849",
      archivePrefix  = "arXiv",
      primaryClass   = "hep-ph",
      reportNumber   = "EDINBURGH-2014-15, IFUM-1034-FT, CERN-PH-TH-2013-253,
                        OUTP-14-11P, CAVENDISH-HEP-14-11",
      SLACcitation   = "%%CITATION = ARXIV:1410.8849;%%"
}

@article{Li:2012wna,
      author         = "Li, Ye and Petriello, Frank",
      title          = "{Combining QCD and electroweak corrections to dilepton
                        production in FEWZ}",
      journal        = "Phys. Rev. D",
      volume         = "86",
      year           = "2012",
      pages          = "094034",
      doi            = "10.1103/PhysRevD.86.094034",
      eprint         = "1208.5967",
      archivePrefix  = "arXiv",
      primaryClass   = "hep-ph",
      reportNumber   = "ANL-HEP-PR-12-68",
      SLACcitation   = "%%CITATION = ARXIV:1208.5967;%%"
}

@article{Lai:2010vv,
      author         = "Lai, Hung-Liang and Guzzi, Marco and Huston, Joey and Li,
                        Zhao and Nadolsky, Pavel M. and Pumplin, Jon and Yuan, C.
                        -P.",
      title          = "New parton distributions for collider physics",
      journal        = "Phys. Rev. D",
      volume         = "82",
      year           = "2010",
      pages          = "074024",
      doi            = "10.1103/PhysRevD.82.074024",
      eprint         = "1007.2241",
      archivePrefix  = "arXiv",
      primaryClass   = "hep-ph",
      reportNumber   = "MSUHEP-100707, SMU-HEP-10-10",
      SLACcitation   = "%%CITATION = ARXIV:1007.2241;%%"
}

@article{Harland-Lang:2014zoa,
      author         = "Harland-Lang, L. A. and Martin, A. D. and Motylinski, P.
                        and Thorne, R. S.",
      title          = "{Parton distributions in the LHC era: MMHT 2014 PDFs}",
      journal        = "Eur. Phys. J. C",
      volume         = "75",
      year           = "2015",
      pages          = "204",
      doi            = "10.1140/epjc/s10052-015-3397-6",
      eprint         = "1412.3989",
      archivePrefix  = "arXiv",
      primaryClass   = "hep-ph",
      reportNumber   = "LCTS-2014-47, IPPP-14-97, DCPT-14-194",
      SLACcitation   = "%%CITATION = ARXIV:1412.3989;%%"
}

@article{Bahr:2008pv,
      author         = "Bahr, M. and others",
      title          = "{Herwig++ Physics and Manual}",
      journal        = "Eur. Phys. J. C.",
      volume         = "58",
      year           = "2008",
      pages          = "639",
      doi            = "10.1140/epjc/s10052-008-0798-9",
      eprint         = "0803.0883",
      archivePrefix  = "arXiv",
      primaryClass   = "hep-ph",
      reportNumber   = "CERN-PH-TH-2008-038, CAVENDISH-HEP-08-03, KA-TP-05-2008,
                        DCPT-08-22, IPPP-08-11, CP3-08-05",
      SLACcitation   = "%%CITATION = ARXIV:0803.0883;%%"
}

@article{Cacciari:2007,
      author = "Cacciari, Matteo and Salam, Gavin P.",
      title  = "Pileup subtraction using jet areas",
      journal = "Phys. Lett. B",
      volume  =  "659",
      year    =  "2008",
      pages   =  "119",
      doi     = "10.1016/j.physletb.2007.09.077",
      eprint  = "0707.1378",
      arxivPrefix = "arXiv",
   primaryClass = "hep-ph",
}

@article{Chatrchyan:2012jua,
      author         = "Chatrchyan, Serguei and others",
      title          = "Identification of b-quark jets with the CMS experiment",
      collaboration  = "CMS",
      journal        = "JINST",
      volume         = "8",
      year           = "2013",
      pages          = "P04013",
      doi            = "10.1088/1748-0221/8/04/P04013",
      eprint         = "1211.4462",
      archivePrefix  = "arXiv",
      primaryClass   = "hep-ex",
      reportNumber   = "CMS-BTV-12-001, CERN-PH-EP-2012-262",
      SLACcitation   = "%%CITATION = ARXIV:1211.4462;%%"
}

@article{worldave,
      author         = "{ATLAS, CDF, CMS and D0 Collaborations}",
      title          = "{First combination of Tevatron and LHC measurements of
                        the top-quark mass}",
      year           = "2014",
      eprint         = "1403.4427",
      archivePrefix  = "arXiv",
      primaryClass   = "hep-ex",
      reportNumber   = "ATLAS-CONF-2014-008, CDF-NOTE-11071, CMS-PAS-TOP-13-014,
                        D0-NOTE-6416, FERMILAB-TM-2582-E",
      SLACcitation   = "%%CITATION = ARXIV:1403.4427;%%"
}

@article{ttxsec1,
      author         = "Beneke, M. and Falgari, P. and Klein, S. and Schwinn, C.",
      title          = "{Hadronic top-quark pair production with NNLL threshold
                        resummation}",
      journal        = "Nucl. Phys.",
      volume         = "B855",
      year           = "2012",
      pages          = "695",
      doi            = "10.1016/j.nuclphysb.2011.10.021",
      eprint         = "1109.1536",
      archivePrefix  = "arXiv",
      primaryClass   = "hep-ph",
      reportNumber   = "TTK-11-38, ITP-UU-11-26, SPIN-11-19, FR-PHENO-2011-015,
                        SFB-CPP-11-49",
      SLACcitation   = "%%CITATION = ARXIV:1109.1536;%%"
}

@article{ttxsec2,
      author         = "Cacciari, Matteo and Czakon, Michal and Mangano,
                        Michelangelo and Mitov, Alexander and Nason, Paolo",
      title          = "{Top-pair production at hadron colliders with
                        next-to-next-to-leading logarithmic soft-gluon
                        resummation}",
      journal        = "Phys. Lett.",
      volume         = "B710",
      year           = "2012",
      pages          = "612",
      doi            = "10.1016/j.physletb.2012.03.013",
      eprint         = "1111.5869",
      archivePrefix  = "arXiv",
      primaryClass   = "hep-ph",
      reportNumber   = "CERN-PH-TH-2011-277, TTK-11-54",
      SLACcitation   = "%%CITATION = ARXIV:1111.5869;%%"
}

@article{ttxsec3,
      author         = "Baernreuther, Peter and Czakon, Michal and Mitov,
                        Alexander",
      title          = "{Percent Level Precision Physics at the Tevatron: First
                        Genuine NNLO QCD Corrections to $q \bar{q} \to t \bar{t} +
                        X$}",
      journal        = "Phys. Rev. Lett.",
      volume         = "109",
      year           = "2012",
      pages          = "132001",
      doi            = "10.1103/PhysRevLett.109.132001",
      eprint         = "1204.5201",
      archivePrefix  = "arXiv",
      primaryClass   = "hep-ph",
      reportNumber   = "CERN-PH-TH-2012-092",
      SLACcitation   = "%%CITATION = ARXIV:1204.5201;%%"
}

@article{ttxsec4,
      author         = "Czakon, Michal and Mitov, Alexander",
      title          = "{NNLO corrections to top-pair production at hadron
                        colliders: the all-fermionic scattering channels}",
      journal        = "JHEP",
      volume         = "12",
      year           = "2012",
      pages          = "054",
      doi            = "10.1007/JHEP12(2012)054",
      eprint         = "1207.0236",
      archivePrefix  = "arXiv",
      primaryClass   = "hep-ph",
      reportNumber   = "CERN-PH-TH-2012-181",
      SLACcitation   = "%%CITATION = ARXIV:1207.0236;%%"
}

@article{ttxsec5,
      author         = "Czakon, Michal and Mitov, Alexander",
      title          = "{NNLO corrections to top pair production at hadron
                        colliders: the quark-gluon reaction}",
      journal        = "JHEP",
      volume         = "01",
      year           = "2013",
      pages          = "080",
      doi            = "10.1007/JHEP01(2013)080",
      eprint         = "1210.6832",
      archivePrefix  = "arXiv",
      primaryClass   = "hep-ph",
      reportNumber   = "CERN-PH-TH-2012-286",
      SLACcitation   = "%%CITATION = ARXIV:1210.6832;%%"
}

@Article{mitov,
     author    = "{M. Czakon,  P. Fiedler and A. Mitov}",
     title     = "{The total top quark production cross-section
                   at hadron colliders through O($\alpha_S^4$)}",
     journal   = "Phys. Rev. Lett.",
     volume    = "110",
     year      = "2013",
     pages     = "252004",
     eprint    = "1303.6254",
     archivePrefix = "arXiv",
     primaryClass  =  "hep-ph",
     doi           = "10.1103/PhysRevLett.110.252004",
     SLACcitation  = "%%CITATION = 1303.6254;%%"
}

@article{Cacciari:2011ma,
      author         = "Cacciari, Matteo and Salam, Gavin P. and Soyez,
Gregory",
      title          = "{FastJet user manual}",
      journal        = "Eur. Phys. J. C",
      volume         = "72",
      pages          = "1896",
      doi            = "10.1140/epjc/s10052-012-1896-2",
      year           = "2012",
      eprint         = "1111.6097",
      archivePrefix  = "arXiv",
      primaryClass   = "hep-ph",
      reportNumber   = "CERN-PH-TH-2011-297",
      SLACcitation   = "%%CITATION = ARXIV:1111.6097;%%",
}

@article{Seymour:2013qka,
      author         = "Seymour, Michael H. and Siodmok, Andrzej",
      title          = "{Constraining MPI models using $\sigma_{eff}$ and recent
                        Tevatron and LHC Underlying Event data}",
      journal        = "JHEP",
      volume         = "10",
      year           = "2013",
      pages          = "113",
      doi            = "10.1007/JHEP10(2013)113",
      eprint         = "1307.5015",
      archivePrefix  = "arXiv",
      primaryClass   = "hep-ph",
      reportNumber   = "MAN-HEP-2013-14, MCNET-13-08",
      SLACcitation   = "%%CITATION = ARXIV:1307.5015;%%"
}

@article{Nason:2004rx,
      author         = "Nason, Paolo",
      title          = "{A new method for combining NLO QCD with shower Monte
                        Carlo algorithms}",
      journal        = "JHEP",
      volume         = "11",
      year           = "2004",
      pages          = "040",
      doi            = "10.1088/1126-6708/2004/11/040",
      eprint         = "hep-ph/0409146",
      archivePrefix  = "arXiv",
      primaryClass   = "hep-ph",
      reportNumber   = "BICOCCA-FT-04-11",
      SLACcitation   = "%%CITATION = HEP-PH/0409146;%%"
}

@article{Frixione:2007vw,
      author         = "Frixione, Stefano and Nason, Paolo and Oleari, Carlo",
      title          = "{Matching NLO QCD computations with Parton Shower
                        simulations: the POWHEG method}",
      journal        = "JHEP",
      volume         = "11",
      year           = "2007",
      pages          = "070",
      doi            = "10.1088/1126-6708/2007/11/070",
      eprint         = "0709.2092",
      archivePrefix  = "arXiv",
      primaryClass   = "hep-ph",
      reportNumber   = "BICOCCA-FT-07-9, GEF-TH-21-2007",
      SLACcitation   = "%%CITATION = ARXIV:0709.2092;%%"
}

@article{Alioli:2010xd,
      author         = "Alioli, Simone and Nason, Paolo and Oleari, Carlo and Re,
                        Emanuele",
      title          = "{A general framework for implementing NLO calculations in
                        shower Monte Carlo programs: the POWHEG BOX}",
      journal        = "JHEP",
      volume         = "06",
      year           = "2010",
      pages          = "043",
      doi            = "10.1007/JHEP06(2010)043",
      eprint         = "1002.2581",
      archivePrefix  = "arXiv",
      primaryClass   = "hep-ph",
      reportNumber   = "DESY-10-018, SFB-CPP-10-22, IPPP-10-11, DCPT-10-22",
      SLACcitation   = "%%CITATION = ARXIV:1002.2581;%%"
}

@article{Campbell:2014kua,
      author         = "Campbell, John M. and Ellis, R. Keith and Nason, Paolo
                        and Re, Emanuele",
      title          = "{Top-pair production and decay at NLO matched with parton
                        showers}",
      journal        = "JHEP",
      volume         = "04",
      year           = "2015",
      pages          = "114",
      doi            = "10.1007/JHEP04(2015)114",
      eprint         = "1412.1828",
      archivePrefix  = "arXiv",
      primaryClass   = "hep-ph",
      reportNumber   = "FERMILAB-PUB-14-504-T, OUTP-14-17P",
      SLACcitation   = "%%CITATION = ARXIV:1412.1828;%%"
}


@techreport{LUMI,
     author    = "{CMS Collaboration}",
     title     = "CMS Luminosity Measurement for the 2016 Data Taking Period",
	 type        = "CMS Physics Analysis Summary",
     number  = "CMS-PAS-LUM-17-001",
     year = "2017"
}

@techreport{BTV,
      title         = "{Identification of b quark jets at the CMS 
Experiment in the LHC Run 2}",
      author = "{CMS Collaboration}",
      number        = "CMS-PAS-BTV-15-001",
      year          = "2016",
      type          = "CMS Physics Analysis Summary",
}

@unpublished{JET,
      title         = "{Jet energy scale and resolution in the CMS experiment in pp collisions at 8\,TeV}",
      author = "{CMS Collaboration}",
      note        = "Submitted to \textit{JINST}",
      year          = "2016",
      eprint         = "1607.03663",
      archivePrefix  = "arXiv",
      reportNumber  = "CERN-PH-EP-2015-305",
      SLACcitation   = "%%CITATION = ARXIV:1607.03663;%%"
}

@Unpublished{LJEA,
     author    = "{CMS Collaboration}",
     collaboration = "CMS",
     title     = "Measurement of the inclusive and differential tt production cross sections in lepton + jets final states at 13 TeV",
     note  = "CMS-PAS-TOP-15-005",
     year = "2015"
}

@Unpublished{LLFUll,
     author    = "{CMS Collaboration}",
     collaboration = "CMS",
     title     = "{Measurement of the differential cross section for $\mathrm{t \bar t}$ production in the dilepton final state at $\sqrt{s}=13~\mathrm{TeV}$}",
     note  = "CMS-PAS-TOP-16-011",
     year = "2016"
}

@article{ANNNLO,
      author         = "Kidonakis, Nikolaos",
      title          = "{NNNLO soft-gluon corrections for the top-antitop pair
                        production cross section}",
      journal        = "Phys. Rev. D",
      volume         = "90",
      year           = "2014",
      pages          = "014006",
      doi            = "10.1103/PhysRevD.90.014006",
      eprint         = "1405.7046",
      archivePrefix  = "arXiv",
      primaryClass   = "hep-ph",
      SLACcitation   = "%%CITATION = ARXIV:1405.7046;%%"
}

@article{ANNNLOdiff,
      author         = "Kidonakis, Nikolaos",
      title          = "{NNNLO soft-gluon corrections for the top-quark \pt and
                        rapidity distributions}",
      journal        = "Phys. Rev. D",
      volume         = "91",
      year           = "2015",
      pages          = "031501",
      doi            = "10.1103/PhysRevD.91.031501",
      eprint         = "1411.2633",
      archivePrefix  = "arXiv",
      primaryClass   = "hep-ph",
      SLACcitation   = "%%CITATION = ARXIV:1411.2633;%%"
}

@article{NLONNLL,
      author         = "Pecjak, Benjamin and Scott, Darren and Wang, Xing and Yang, Li Lin",
      title          = "{Resummed Differential Cross Sections for Top-Quark Pairs at the LHC}",
      journal        = "Phys. Rev. Lett.",
      volume         = "116",
      year           = "2016",
      pages          = "202001",
      doi            = "10.1103/PhysRevLett.116.202001",
      eprint         = "1601.07020",
      archivePrefix  = "arXiv",
      primaryClass   = "hep-ph",
      SLACcitation   = "%%CITATION = ARXIV:1601.07020;%%"
}

@article{NNLO,
      author         = "Czakon, Michal and Heymes, David and Mitov, Alexander",
      title          = "{High-Precision Differential Predictions for Top-Quark Pairs at the LHC}",
      journal        = "Phys. Rev. Lett.",
      volume         = "116",
      year           = "2016",
      pages          = "082003",
      doi            = "10.1103/PhysRevLett.116.082003",
      eprint         = "1511.00549",
      archivePrefix  = "arXiv",
      primaryClass   = "hep-ph",
}

@unpublished{Aad:2015mbv,
      author         = "{ATLAS Collaboration}",
      title          = "{Measurements of top-quark pair differential
                        cross-sections in the lepton+jets channel in pp
                        collisions at $\sqrt{s}=8$\,TeV using the ATLAS detector}",
      collaboration  = "ATLAS",
      note        = "Submitted to \textit{Eur. Phys. J. C}",
      year           = "2015",
      eprint         = "1511.04716",
      archivePrefix  = "arXiv",
      primaryClass   = "hep-ex",
      reportNumber   = "CERN-PH-EP-2015-239",
      SLACcitation   = "%%CITATION = ARXIV:1511.04716;%%"
}

@article{Aad:2015eia,
      author         = "{ATLAS Collaboration}",
      title          = "{Differential top-antitop cross-section measurements as a
                        function of observables constructed from final-state
                        particles using pp collisions at $\sqrt{s}=7$\,TeV in the
                        ATLAS detector}",
      collaboration  = "ATLAS",
      journal        = "JHEP",
      volume         = "06",
      year           = "2015",
      pages          = "100",
      doi            = "10.1007/JHEP06(2015)100",
      eprint         = "1502.05923",
      archivePrefix  = "arXiv",
      primaryClass   = "hep-ex",
      reportNumber   = "CERN-PH-EP-2014-295",
      SLACcitation   = "%%CITATION = ARXIV:1502.05923;%%"
}

@article{Khachatryan:2015oqa,
      author         = "{CMS Collaboration}",
      title          = "{Measurement of the differential cross section for top
                        quark pair production in pp collisions at $\sqrt{s} =
                        8\,\text {TeV} $}",
      collaboration  = "CMS",
      journal        = "Eur. Phys. J. C",
      volume         = "75",
      year           = "2015",
      pages          = "542",
      doi            = "10.1140/epjc/s10052-015-3709-x",
      eprint         = "1505.04480",
      archivePrefix  = "arXiv",
      primaryClass   = "hep-ex",
      reportNumber   = "CMS-TOP-12-028, CERN-PH-EP-2015-117",
      SLACcitation   = "%%CITATION = ARXIV:1505.04480;%%"
}

@article{Chatrchyan:2012saa,
      author         = "{CMS Collaboration}",
      title          = "{Measurement of differential top-quark pair production
                        cross sections in pp colisions at $\sqrt{s}=7$\,TeV}",
      journal        = "Eur. Phys. J. C",
      volume         = "73",
      year           = "2013",
      pages          = "2339",
      doi            = "10.1140/epjc/s10052-013-2339-4",
      eprint         = "1211.2220",
      archivePrefix  = "arXiv",
      primaryClass   = "hep-ex",
      reportNumber   = "CMS-TOP-11-013, CERN-PH-EP-2012-322",
      SLACcitation   = "%%CITATION = ARXIV:1211.2220;%%"
}

@article{Khachatryan:2015hwa,
      author         = "{CMS Collaboration}",
      title          = "{Performance of electron reconstruction and selection
                        with the CMS detector in proton-proton collisions at
                        $\sqrt{s} = 8$\TeV}",
      journal        = "JINST",
      volume         = "10",
      pages          = "P06005",
      doi            = "10.1088/1748-0221/10/06/P06005",
      year           = "2015",
      eprint         = "1502.02701",
      archivePrefix  = "arXiv",
      primaryClass   = "physics.ins-det",
      reportNumber   = "CMS-EGM-13-001, CERN-PH-EP-2015-004",
      SLACcitation   = "%%CITATION = ARXIV:1502.02701;%%",
}

@article{Chatrchyan:2012xi,
      author         = "{CMS Collaboration}",
      title          = "{Performance of CMS muon reconstruction in pp collision
                        events at $\sqrt{s} = 7$\TeV}",
      journal        = "JINST",
      volume         = "7",
      pages          = "P10002",
      doi            = "10.1088/1748-0221/7/10/P10002",
      year           = "2012",
      eprint         = "1206.4071",
      archivePrefix  = "arXiv",
      primaryClass   = "physics.ins-det",
      reportNumber   = "CMS-MUO-10-004, CERN-PH-EP-2012-173",
      SLACcitation   = "%%CITATION = ARXIV:1206.4071;%%",
}

@article{Khachatryan:2015fwh,
      author         = "{CMS Collaboration}",
      title          = "{Measurement of the $\mathrm{t}\overline{{\mathrm{t}}}$
                        production cross section in the all-jets final state in pp
                        collisions at $\sqrt{s}=8$ $\,\text {TeV}$}",
      journal        = "Eur. Phys. J. C",
      volume         = "76",
      year           = "2016",
      pages          = "128",
      doi            = "10.1140/epjc/s10052-016-3956-5",
      eprint         = "1509.06076",
      archivePrefix  = "arXiv",
      primaryClass   = "hep-ex",
      reportNumber   = "CMS-TOP-14-018, CERN-PH-EP-2015-243,
                        FERMILAB-PUB-15-419-CMS",
      SLACcitation   = "%%CITATION = ARXIV:1509.06076;%%"
}

@article{Martin:2009iq,
      author         = "Martin, A. D. and Stirling, W. J. and Thorne, R. S. and
                        Watt, G.",
      title          = "{Parton distributions for the LHC}",
      journal        = "Eur. Phys. J. C",
      volume         = "63",
      year           = "2009",
      pages          = "189",
      doi            = "10.1140/epjc/s10052-009-1072-5",
      eprint         = "0901.0002",
      archivePrefix  = "arXiv",
      primaryClass   = "hep-ph",
      reportNumber   = "IPPP-08-95, DCPT-08-190, CAVENDISH-HEP-08-16",
      SLACcitation   = "%%CITATION = ARXIV:0901.0002;%%"
}


@article{Aad:2015hna,
      author         = "{ATLAS Collaboration}",
      title          = "{Measurement of the differential cross-section of highly
                        boosted top quarks as a function of their transverse
                        momentum in $\sqrt{s}$ = 8\,TeV proton-proton collisions
                        using the ATLAS detector}",
      journal        = "Phys. Rev. D",
      volume         = "93",
      year           = "2016",
      pages          = "032009",
      doi            = "10.1103/PhysRevD.93.032009",
      eprint         = "1510.03818",
      archivePrefix  = "arXiv",
      primaryClass   = "hep-ex",
      reportNumber   = "CERN-PH-EP-2015-237",
      SLACcitation   = "%%CITATION = ARXIV:1510.03818;%%"
}

@unpublished{Khachatryan:2149620,
      author         = "{CMS Collaboration}",
      title         = "{Measurement of the integrated and differential $\mathrm{t
                       \bar{t}}$ production cross sections for
                       high-$p_{\mathrm{T}}$ top quarks in pp collisions at $
                       \sqrt{s} = $ 8 TeV}",
      year          = "2016",
      note        = "Submitted to \textit{Phys. Rev. D}",
      eprint         = "1605.00116",
      archivePrefix  = "arXiv",
      reportNumber  = "arXiv:1605.00116",
      url           = "https://cds.cern.ch/record/2149620",
}

@article{TNPREF,
      author         = "{CMS Collaboration}",
      title          = "{Measurement of inclusive W and Z boson production cross
                        sections in pp collisions at $\sqrt{s}$ = 8\,TeV}",
      journal        = "Phys. Rev. Lett.",
      volume         = "112",
      year           = "2014",
      pages          = "191802",
      doi            = "10.1103/PhysRevLett.112.191802",
      eprint         = "1402.0923",
      archivePrefix  = "arXiv",
      primaryClass   = "hep-ex",
      reportNumber   = "CMS-SMP-12-011, CERN-PH-EP-2013-217",
      SLACcitation   = "%%CITATION = ARXIV:1402.0923;%%"
}

@article{TaP8TeV,
  author={},
  title={Performance of electron reconstruction and selection with the CMS detector in proton-proton collisions at\BF s\BF=\BF8\BFTeV},
  journal={Journal of Instrumentation},
  volume={10},
  number={06},
  pages={P06005},
  url={http://stacks.iop.org/1748-0221/10/i=06/a=P06005},
  year={2015},
}

@article{TaP7TeV,
  author={The CMS collaboration},
  title={Performance of CMS muon reconstruction in pp collision events at \BFs = 7 TeV},
  journal={Journal of Instrumentation},
  volume={7},
  number={10},
  pages={P10002},
  url={http://stacks.iop.org/1748-0221/7/i=10/a=P10002},
  year={2012},
}

@article{MLM,
	author="Alwall, J.  and H{\"o}che, S.  and Krauss, F.  and Lavesson, N.  and L{\"o}nnblad, L.  and Maltoni, F.  and Mangano, M.L.  and Moretti, M.  and Papadopoulos, C.G.  and Piccinini, F.  and Schumann, S.  and Treccani, M.  and Winter, J.  and Worek, M.",
	title="Comparative study of various algorithms for the merging of parton showers and matrix elements in hadronic collisions",
	journal="Eur. Phys. J. C",
	year="2008",
	volume="53",
	pages="473",
	doi="10.1140/epjc/s10052-007-0490-5",
	eprint         = "0706.2569",
	archivePrefix  = "arXiv",
	primaryClass   = "hep-ex",
}

@article{Guzzi:2014wia,
      author         = "Guzzi, Marco and Lipka, Katerina and Moch, Sven-Olaf",
      title          = "{Top-quark pair production at hadron colliders:
                        differential cross section and phenomenological
                        applications with DiffTop}",
      journal        = "JHEP",
      volume         = "01",
      year           = "2015",
      pages          = "082",
      doi            = "10.1007/JHEP01(2015)082",
      eprint         = "1406.0386",
      archivePrefix  = "arXiv",
      primaryClass   = "hep-ph",
      reportNumber   = "DESY-14-077, LPN-14-076, SFB-CPP-14-27",
      SLACcitation   = "%%CITATION = ARXIV:1406.0386;%%"
}

@article{Dulat:2015mca,
      author         = "Dulat, Sayipjamal and Hou, Tie-Jiun and Gao, Jun and
                        Guzzi, Marco and Huston, Joey and Nadolsky, Pavel and
                        Pumplin, Jon and Schmidt, Carl and Stump, Daniel and Yuan,
                        C. P.",
      title          = "{New parton distribution functions from a global analysis
                        of quantum chromodynamics}",
      journal        = "Phys. Rev. D",
      volume         = "93",
      year           = "2016",
      pages          = "033006",
      doi            = "10.1103/PhysRevD.93.033006",
      eprint         = "1506.07443",
      archivePrefix  = "arXiv",
      primaryClass   = "hep-ph",
      SLACcitation   = "%%CITATION = ARXIV:1506.07443;%%"
}

@article{Kant:2014oha,
      author         = "Kant, P. and Kind, O. M. and Kintscher, T. and Lohse, T.
                        and Martini, T. and M\F6lbitz, S. and Rieck, P. and Uwer,
                        P.",
      title          = "{HatHor for single top-quark production: Updated
                        predictions and uncertainty estimates for single top-quark
                        production in hadronic collisions}",
      journal        = "Comput. Phys. Commun.",
      volume         = "191",
      year           = "2015",
      pages          = "74",
      doi            = "10.1016/j.cpc.2015.02.001",
      eprint         = "1406.4403",
      archivePrefix  = "arXiv",
      primaryClass   = "hep-ph",
      reportNumber   = "HU-EP-14-22",
      SLACcitation   = "%%CITATION = ARXIV:1406.4403;%%"
}

% TOP-16-008
@article{Khachatryan:2016mnb,
      author         = "Khachatryan, Vardan and others",
      title          = "{Measurement of differential cross sections for top quark
                        pair production using the lepton+jets final state in
                        proton-proton collisions at 13 TeV}",
      collaboration  = "CMS",
      journal        = "Submitted to: Phys. Rev. D",
      year           = "2016",
      eprint         = "1610.04191",
      archivePrefix  = "arXiv",
      primaryClass   = "hep-ex",
      reportNumber   = "CMS-TOP-16-008, CERN-EP-2016-227",
      SLACcitation   = "%%CITATION = ARXIV:1610.04191;%%"
}

% weak correction paper
%%% contains utf-8, see: https://inspirehep.net/info/faq/general#utf8
%%% add \usepackage[utf8]{inputenc} to your latex preamble

@article{Uwer,
      author         = "K{\"u} hn, J. H. and Scharf, A. and Uwer, P.",
      title          = "{Weak Interactions in Top-Quark Pair Production at Hadron
                        Colliders: An Update}",
      journal        = "Phys. Rev. D",
      volume         = "91",
      year           = "2015",
      number         = "1",
      pages          = "014020",
      doi            = "10.1103/PhysRevD.91.014020",
      eprint         = "1305.5773",
      archivePrefix  = "arXiv",
      primaryClass   = "hep-ph",
      reportNumber   = "TTP-13-015, HU-EP-13-26",
      SLACcitation   = "%%CITATION = ARXIV:1305.5773;%%"
}

% Hathor 
@article{hathorart,
      author         = "Aliev, M. and Lacker, H. and Langenfeld, U. and Moch, S.
                        and Uwer, P. and Wiedermann, M.",
      title          = "{HATHOR: HAdronic Top and Heavy quarks crOss section
                        calculatoR}",
      journal        = "Comput. Phys. Commun.",
      volume         = "182",
      year           = "2011",
      pages          = "1034-1046",
      doi            = "10.1016/j.cpc.2010.12.040",
      eprint         = "1007.1327",
      archivePrefix  = "arXiv",
      primaryClass   = "hep-ph",
      reportNumber   = "DESY-10-091, HU-EP-10-33, SFB-CPP-10-60",
      SLACcitation   = "%%CITATION = ARXIV:1007.1327;%%"
}

@misc{hathor,
  title = {Hathor package},
  howpublished = {\url{https://www-zeuthen.desy.de/~moch/hathor/}},
  note = {Accessed: 2010-09-30}
}

@misc{LHCTopWG,
  title = {LHCTopWG Summary Plots},
  howpublished = {\url{https://twiki.cern.ch/twiki/bin/view/CMS/SWGuideHiggsAnalysisCombinedLimit}},
  note = {Accessed: 2010-09-30}
}

@misc{CMSEWKWG,
  title = {LHCTopWG Summary Plots},
  howpublished = {\url{https://twiki.cern.ch/twiki/bin/view/CMSPublic/%20PhysicsResultsEWK}},
  note = {Accessed: 2010-09-30}
}

@misc{Combine,
  title = {Documentation of the RooStats -based statistics tools for Higgs PAG},
  howpublished = {\url{https://twiki.cern.ch/twiki/bin/view/CMS/SWGuideHiggsAnalysisCombinedLimit}},
  note = {Accessed: 2010-09-30}
}

@misc{RooStatsWiki,
  title = {Welcome to the RooStats Wiki},
  howpublished = {\url{https://twiki.cern.ch/twiki/bin/view/RooStats}},
  note = {Accessed: 2010-09-30}
}

@misc{aTGCRooStat,
  title = {Anomalous coupling limit tool Documentation},
  howpublished = {\url{https://twiki.cern.ch/twiki/bin/viewauth/CMS/ATGCRooStats}},
  note = {Accessed: 2010-09-30}
}


@techreport{CMS-PAS-TOP-16-008,
      title         = "{Measurement of differential \ttb production cross sections in lepton + jets final states at 13\TeV}",
      institution   = "CERN",
      collaboration = "The CMS Collaboration",
      address       = "2016. Geneva",
      number        = "CMS-PAS-TOP-16-008",
      month         = "Mar",
      year          = "2016",
}

@article{Demina:recolostjet,
      author         = "Regina Demina, Amnon Harel, Douglas Orbaker",
      title          = "{Reconstructing top quark-antiquark events with one lost jet}",
      year           = "2013",
      eprint         = "1310.3263",
      archivePrefix  = "arXiv",
      primaryClass   = "hep-ex",
      SLACcitation   = "",
}

@techreport{CMS-PAS-SMP-15-001,
      title         = "{Combination of results from the ATLAS and CMS experiments on anomalous triple gauge couplings in ZZ production from pp collisions at a centre-of-mass energy of 7\TeV at the LHC}",
      institution   = "CERN",
      collaboration = "The ATLAS and CMS Collaboration",
      address       = "2016. Geneva",
      number        = "CMS-PAS-SMP-15-001, ATLAS-CONF-2016-036",
      month         = "Aug",
      year          = "2016",
}

@misc{BTAGSF,
  title = "{Usage of b/c tag objects for 13 TeV data in 2016 and 80X MC}",
  howpublished = {\url{https://twiki.cern.ch/twiki/bin/viewauth/CMS/BtagRecommendation80XReReco}},
  note = {Accessed: 2017-07-24}
}

@techreport{CMS-AN-17-003,
      title         = "{Measurement of jet activity in \ttb events using lepton + jets final states in proton-proton collisions at 13 TeV}",
      institution   = "CERN",
      collaboration = "CMS Collaboration",
      address       = "2017. Geneva",
      number        = "CMS-AN-17-003",
      month         = "Jun",
      year          = "2017",
}

@techreport{CMS-AN-18-077,
      title         = "{Artificial constraints from statistical fluctuations in systematic variations}",
      institution   = "CERN",
      collaboration = "CMS Collaboration",
      address       = "2017. Geneva",
      number        = "CMS-AN-18-077",
      month         = "Apr",
      year          = "2018",
}

@article{LOWESS,
	author = { William S.   Cleveland },
	title = {Robust Locally Weighted Regression and Smoothing Scatterplots},
	journal = {Journal of the American Statistical Association},
	volume = {74},
	number = {368},
	pages = {829-836},
	year  = {1979},
	publisher = {Taylor & Francis},
	doi = {10.1080/01621459.1979.10481038},
}

@article{Czakon:2017NLOEW,
      author         = "Czakon, Michal and Heymes, David and Mitov, Alexander and
                        Pagani, Davide and Tsinikos, Ioannis and Zaro, Marco",
      title          = "{Top-pair production at the LHC through NNLO QCD and NLO
                        EW}",
      year           = "2017",
      eprint         = "1705.04105",
      archivePrefix  = "arXiv",
      primaryClass   = "hep-ph",
      reportNumber   = "CAVENDISH-HEP-17-07, CP3-17-12, TUM-HEP-1084-17,
                        TTK-17-15",
      SLACcitation   = "%%CITATION = ARXIV:1705.04105;%%"
}

@article{Czakon:2017dip,
      author         = "Czakon, Michal and Heymes, David and Mitov, Alexander",
      title          = "{fastNLO tables for NNLO top-quark pair differential
                        distributions}",
      year           = "2017",
      eprint         = "1704.08551",
      archivePrefix  = "arXiv",
      primaryClass   = "hep-ph",
      reportNumber   = "CAVENDISH-HEP-17-08, TTK-17-10",
      SLACcitation   = "CITATION = ARXIV:1704.08551;",
howpublished = {\url{http://www.precision.hep.phy.cam.ac.uk/results/ttbar-fastnlo/}},
}

@misc{UwerPrivate,
title="{Peter Uwer, private communication during TOP Readiness Meeting on April 28, 2017.}"
}

@misc{HiggsCombineTool,
title="{HiggsAnalysis/CombinedLimit v.5.0.4 for ROOT 6 SLC6 release.}",
howpublished = {\url{https://twiki.cern.ch/twiki/bin/view/SWGuideHiggsAnalysisCombinedLimit}},
}


@article{Conway:1333496,
      author        = "Conway, J.S.",
      title         = "{Incorporating Nuisance Parameters in Likelihoods for
                       Multisource Spectra}",
      number        = "arXiv:1103.0354",
      pages         = "115-120. 6 p",
      month         = "Mar",
      year          = "2011",
      reportNumber  = "arXiv:1103.0354",
      url           = "http://cds.cern.ch/record/1333496",
      note          = "Comments: Presented at PHYSTAT 2011, CERN, Geneva,
                       Switzerland, January 2011, to be published in a CERN Yellow
                       Report",
}

@article{Khachatryan:2016kdb,
      author         = "Khachatryan, Vardan and others",
      title          = "{Jet energy scale and resolution in the CMS experiment in
                        pp collisions at 8 TeV}",
      collaboration  = "CMS",
      journal        = "JINST",
      volume         = "12",
      year           = "2017",
      number         = "02",
      pages          = "P02014",
      doi            = "10.1088/1748-0221/12/02/P02014",
      eprint         = "1607.03663",
      archivePrefix  = "arXiv",
      primaryClass   = "hep-ex",
      reportNumber   = "CMS-JME-13-004, CERN-PH-EP-2015-305",
      SLACcitation   = "%%CITATION = ARXIV:1607.03663;%%"
}

@misc{JECtwiki,
title="{Jet energy scale uncertainty sources}",
howpublished = {\url{https://twiki.cern.ch/twiki/bin/viewauth/CMS/JECUncertaintySources}},
}

@misc{JERtwiki,
title="{Jet energy resolution}",
howpublished = {\url{https://twiki.cern.ch/twiki/bin/view/CMS/JetResolution}},
}

@article{Beenakker:1993yr,
      author         = "Beenakker, W. and Denner, Ansgar and Hollik, W. and
                        Mertig, R. and Sack, T. and Wackeroth, D.",
      title          = "{Electroweak one loop contributions to top pair
                        production in hadron colliders}",
      journal        = "Nucl. Phys.",
      volume         = "B411",
      year           = "1994",
      pages          = "343-380",
      doi            = "10.1016/0550-3213(94)90454-5",
      reportNumber   = "MPI-PH-93-20",
      SLACcitation   = "%%CITATION = NUPHA,B411,343;%%"
}




@BOOK{Smith:2012qr,
	title = {{B}ook {T}itle},
	publisher = {Publisher},
	author = {Smith, J.~M. and Jones, A.~B.},
	year = {2012},
	edition = {7th},
}

@ARTICLE{Smith:2013jd,
	author = {Jones, A.~B. and Smith, J.~M.},
	title = {{A}rticle {T}itle},
	journal = {{J}ournal {T}itle},
	year = {2013},
	volume = {13},
	pages = {123-456},
	number = {52},
	month = {March},
	publisher = {Publisher}
}


@article{Khachatryan:2016bia,
      author         = "Khachatryan, Vardan and others",
      title              = "{The CMS trigger system}",
      collaboration  = "CMS",
      journal        = "JINST",
      volume         = "12",
      pages          = "P01020",
      doi            = "10.1088/1748-0221/12/01/P01020",
      year           = "2017",
      eprint         = "1609.02366",
      archivePrefix  = "arXiv",
      primaryClass   = "physics.ins-det",
      reportNumber   = "CMS-TRG-12-001, CERN-EP-2016-160",
      SLACcitation   = "%%CITATION = ARXIV:1609.02366;%%"
}

@Article{Cacciari:2008gp,
     AUTHOR    = "Cacciari, Matteo and Salam, Gavin P. and Soyez, Gregory",
     TITLE     = "{The anti-$k_t$ jet clustering algorithm}",
     JOURNAL   = "JHEP",
     VOLUME    = "04",
     YEAR      = "2008",
     PAGES     = "063",
     doi       = "10.1088/1126-6708/2008/04/063",
     eprint         = "0802.1189",
     archivePrefix  = "arXiv",
     primaryClass   = "hep-ex",
}
@article{Cacciari:2011ma,
      author         = "Cacciari, Matteo and Salam, Gavin P. and Soyez, Gregory",
      title          = "{FastJet user manual}",
      journal        = "Eur. Phys. J. C",
      volume         = "72",
      pages          = "1896",
      doi            = "10.1140/epjc/s10052-012-1896-2",
      year           = "2012",
      eprint         = "1111.6097",
      archivePrefix  = "arXiv",
      primaryClass   = "hep-ph",
      reportNumber   = "CERN-PH-TH-2011-297",
      SLACcitation   = "%%CITATION = ARXIV:1111.6097;%%",
}

@Techreport{CMS-TDR-15-02,
      AUTHOR      = "{CMS Collaboration}",
      COLLABORATION = "{CMS}",
      institution    = "CERN",
      TITLE       = "Technical proposal for the Phase-II upgrade
                     of the Compact Muon Solenoid",
      URL         = "http://cds.cern.ch/record/2020886",
      TYPE        = "CMS Technical proposal",
      NUMBER      = "CERN-LHCC-2015-010, CMS-TDR-15-02",
      YEAR        = "2015"
}

@article{CMS-PRF-14-001,
      author         = "Sirunyan, A. M. and others",
      title          = "Particle-flow reconstruction and global event description with the CMS detector",
      collaboration  = "CMS",
      journal     = "JINST",
      volume    = "12",
      year         = "2017",
      pages      = "P10003",
      doi           = "10.1088/1748-0221/12/10/P10003",
      eprint         = "1706.04965",
      archivePrefix  = "arXiv",
      primaryClass   = "physics.ins-det",
      reportNumber   = "CMS-PRF-14-001, CERN-EP-2017-110",
      SLACcitation   = "%%CITATION = ARXIV:1706.04965;%%",
      
}

@article{ttH,
  title = {Observation of $t\overline{t}H$ Production},
  author = {CMS Collaboration},
  collaboration = {CMS Collaboration},
  journal = {Phys. Rev. Lett.},
  volume = {120},
  issue = {23},
  pages = {231801},
  numpages = {17},
  year = {2018},
  month = {Jun},
  publisher = {American Physical Society},
  doi = {10.1103/PhysRevLett.120.231801},
  url = {https://link.aps.org/doi/10.1103/PhysRevLett.120.231801}
}


@TECHREPORT{ytnote,
      AUTHOR      = "Regina Demina, Yi-Ting Duh, Mario Galanti, Aran Garcia-Bellido, Otto Hindrichs, Kin Ho Lo, Mauro Verzetti",
      COLLABORATION = "CMS",
      TITLE       = "{Constraining top Yukawa coupling from $t\bar{t}$ differential cross section in lepton+jets final state at 13 TeV}",
      TYPE        = "CMS Analysis Note",
      NUMBER      = "CMS-AN-2016/479",
      YEAR        = "2016"
}

@article{ytpaper,
  title = {Measurement of the top quark Yukawa coupling from $t\overline{t}$ kinematic distributions in the $\mathrm{lepton}+\text{jets}$ final state in proton-proton collisions at $\sqrt{s}=13\text{ }\text{ }\mathrm{TeV}$},
  author ={CMS Collaboration},
  collaboration = {CMS Collaboration},
  journal = {Phys. Rev. D},
  volume = {100},
  issue = {7},
  pages = {072007},
  numpages = {29},
  year = {2019},
  month = {Oct},
  publisher = {American Physical Society},
  doi = {10.1103/PhysRevD.100.072007},
  url = {https://link.aps.org/doi/10.1103/PhysRevD.100.072007}
}



@article{desydiff,
  title={Measurements of tt differential cross sections in proton-proton collisions at√ s= 13 TeV using events containing two leptons},
  author="{CMS Collaboration}",
  journal={Journal of High Energy Physics},
  volume={2019},
  number={2},
  pages={149},
  year={2019},
  publisher={Springer}
}

@article{pagani2016photon,
  title={The impact of the photon PDF and electroweak corrections on t$\backslash$bar $\{$t$\}$ distributions},
  author={Pagani, Davide and Tsinikos, Ioannis and Zaro, Marco},
  journal={The European Physical Journal C},
  volume={76},
  number={9},
  pages={479},
  year={2016},
  publisher={Springer}
}

@misc{CHscript,
title="{Partial correlations of nuisance parameters between data taking periods}",
howpublished = {\url{https://github.com/cms-analysis/HiggsAnalysis-CombinedLimit/issues/503}},
}


@misc{LumiTwiki,
title="{Luminosity uncertainty run 2 combination}",
howpublished = {\url{https://twiki.cern.ch/twiki/bin/view/CMS/TWikiLUM\#LumiComb}},
}

@misc{metunc,
title="{MET run 2 corrections and uncertainties}",
howpublished = {\url{https://twiki.cern.ch/twiki/bin/viewauth/CMS/MissingETRun2Corrections
}},
}

